<?xml version="1.0" encoding="UTF-8"?><collection xmlns="http://www.loc.gov/MARC21/slim"><record><leader>00529nam--2200169-i-4500</leader><controlfield tag="001">000014359</controlfield><controlfield tag="002">20161230</controlfield><controlfield tag="005">20161230201030</controlfield><controlfield tag="008">060222s1000------------r-----000-0-eng-d</controlfield><datafield ind1=" " ind2=" " tag="040"><subfield code="a">IFIN-HH</subfield></datafield><datafield ind1=" " ind2=" " tag="080"><subfield code="a">539.142.2(043)</subfield></datafield><datafield ind1="1" ind2=" " tag="100"><subfield code="a">Carle, Peter</subfield></datafield><datafield ind1="1" ind2="0" tag="245"><subfield code="a">Nuclear structure studies in the vicinity of the double closed shell nuclei 132sn and 208pb by means of beta and alpha decay</subfield><subfield code="c">Peter carle</subfield></datafield><datafield ind1=" " ind2=" " tag="260"><subfield code="a">Stockholm</subfield><subfield code="b">Institute Of Physics</subfield><subfield code="c">1981</subfield></datafield><datafield ind1=" " ind2=" " tag="300"><subfield code="a">52P</subfield></datafield><datafield ind1=" " ind2=" " tag="852"><subfield code="a">70863</subfield><subfield code="c">539.14</subfield></datafield><datafield ind1=" " ind2=" " tag="CAT"><subfield code="a">Sys</subfield><subfield code="c">20120404</subfield><subfield code="h">134820</subfield></datafield></record></collection>